@article{viecelli71,
    author = "James A. Viecelli",
    title = "A Computing Method for Incompressible Flows Bounded by Moving Walls",
    journal = "Journal of Computational Physics",
    volume = "8",
    year = "1971",
    pages = "119-143"
}

@article{viecelli69,
    author = "James A. Viecelli",
    title = "A Method for Including Arbitrary External Boundaries in the MAC Incompressible Fluid Computing Technique",
    journal = "Journal of Computational Physics",
    volume = "4",
    year = "1969",
    pages = "543-551"
}

@techreport{welch66,
    author = "J. E. Welch and F. H. Harlow and J. P. Shannon and B. J. Daly",
    title = "The {MAC} Method: A Computing Technique for Solving Viscous, Incompressible, Transient Fluid Flow Problems Involving Free Surfaces",
    number = "LA-3425",
    institution = "Los Alamos Scientific Laboratory",
    year = "1966"
}

@article{peskin72,
    author = "Charles S. Peskin",
    title = "Flow Patterns Around Heart Valves: A Numerical Method",
    journal = "Journal of Computational Physics",
    volume = "10",
    year = "1972",
    pages = "252-271"
}

@article{peskin77,
    author = "Charles S. Peskin",
    title = "Numerical Analysis of Blood Flow in the Heart",
    journal = "Journal of Computational Physics",
    volume = "25",
    year = "1977",
    pages = "220-252"
}

@article{heys07,
    author = "J J Heys and T Gedeon and B C Knott and Y Kim",
    title = "Modeling arthropod filiform hair motion using the penalty immersed boundary method",
    journal = "Journal of Biomechanics",
    volume = "41",
    year = "2007",
    pages = "977-984"
}

@article{yakhot05,
    author = "Alexander Yakhot and Leopold Grinberg and Nikolai Nikitin",
    title = "Modeling rough stenoses by an immersed-boundary method",
    journal = "Journal of Biomechanics",
    volume = "38",
    year = "2005",
    pages = "1115-1127"
}

@book{liito06,
    author = "Zhilin Li and Kazufumi Ito",
    title = "The Immersed Interface Method: Numerical Solutions of PDEs Involving Interfaces and Irregular Domains",
    publisher = "Society for Industrial and Applied Mathematics",
    year = "2006"
}

@article{levequeli94,
    author = "Randall J Leveque and Zhilin Li",
    title = "The Immersed Interface Method for Elliptic Equations with Discontinuous Coefficients and Singular Sources",
    journal = "SIAM Journal on Numerical Analysis",
    volume = "31",
    year = "1994",
    pages = "1019-1044"
}

@article{peskin02,
    author = "Charles S. Peskin",
    title = "The immersed boudary method",
    journal = "Acta Numerica",
    year = "2002",
    pages = "478-517"
}

@phdthesis{li94,
    author = "Zhilin Li",
    title = "The immersed interface method: A numerical approach for partial differential equations with interfaces",
    year = "1994",
    school = "University of Washington"
}

@article{fogelsonkeener00,
    author = "Aaron L Fogelson and James P Keener",
    title = "Immersed interface methods for neumann and related problems in two and three dimensions",
    year = "2000",
    journal = "SIAM Journal on Scientific Computing",
    pages = "1630-1654"
}

@article{liito01,
    author = "Zhilin Li and Kazufumi Ito",
    title = "Maximum principle preserving schemes for interface problems with discontinuous coefficients",
    year = "2001",
    journal = "SIAM Journal on Scientific Computing",
    volume = "23",
    pages  = "339-361"
}

@article{adamsli02,
    author = "Loyce Adams and Zhilin Li",
    title = "The immersed interface/multigrid methods for interface problems",
    year = "2002",
    journal  = "SIAM Journal on Scientific Computing",
    volume = "24",
    pages = "463-479"
}

@article{li98,
    author = "Zhilin Li",
    title = "A fast iterative algorithm for elliptic interface problems",
    year = "1998",
    journal = "SIAM Journal on Numerical Analysis",
    volume = "35",
    pages = "230-254"
}

@article{berthelson04,
    author = "Petter Andreas Berthelson",
    title = "A decomposed immersed interface method for variable coefficient elliptic equations with non-smooth and discontinuous solutions",
    year = "2004",
    journal = "Journal of Computational Physics",
    volume = "197",
    pages = "364-396"
}

@article{zhaohouli12,
    author = "Jianping Zhao and Yanren Hou and Yongfei Li",
    title = "Immersed Interface Method for elliptic equations based on a piecewise second order polynomial",
    year = "2012",
    journal = "Computers and Mathematics with applications",
    volume = "63",
    pages = "957-965"
}

@article{dengitoli03,
    author = "Shaozhong Deng and Kazufumi Ito and Zhilin Li",
    title = "Three-dimensional elliptic solvers for interface problems and applications",
    year = "2003",
    journal  = "Journal of Computational Physics",
    volume = "184",
    pages = "215-243"
}

@article{dumettkeener03,
    author = "Miguel A Dumett and James P Keener",
    title = "An immersed interface method for solving anisotropic elliptic boundary value problems in three dimensions",
    year = "2003",
    journal = "SIAM Journal on Scientific Computing",
    volume = "25",
    pages = "348-367"
}

@article{limayo93,
    author = "Zhilin Li and A Mayo",
    title = "ADI methods for heat equations with discontinuities along an arbitrary interface",
    year = "1993",
    journal  = "Proceedings of symposia in applied mathematics",
    editor = "W Gautschi",
    volume = "48",
    pages = "311-315",
    publisher = "AMS"
}

@article{lisoni99,
    author = "Zhilin Li and Bharat Soni",
    title = "Fast and accurate numerical approaches for Stefan problems and crystal growth",
    year = "1999",
    journal = "Numerical Heat Transfer, Part B: Fundamentals: An International Journal of Computation and Methodology",
    volume = "35",
    pages = "461-484"
}

@phdthesis{zhang96,
    author = "Chaoming Zhang",
    title = "Immersed interface methods for hyperbolic systems of partial differential equations with discontinuous coefficients",
    year = "1996",
    school = "Univeristy of Washington"
}

@article{zhangleveque97,
    author = "Chaoming Zhang and Randall J Leveque",
    title = "The immersed interface method for acoustic wave equations with discontinuous coefficients",
    year = "1997",
    journal  = "Wave Motion",
    volume = "25",
    pages = "237-263"
}

@phdthesis{wiegmann98,
    author = "Andreas Wiegmann",
    title = "The Explicit Jump Immersed Interface Method and Interface Problems for Differential Equations",
    year = "1998",
    school = "University of Washington"
}

@article{wiegmannbube98,
    author = "Andreas Wiegmann and Kenneth P Bube",
    title = "The Immersed Interface Method for Nonlinear Differential Equations with Discontinuous Coefficients and Singular Sources",
    year = "1998",
    journal = "SIAM Journal on Numerical Analysis",
    volume = "35",
    pages = "177-200"
}

@article{rutka08,
    author = "Vita Rutka",
    title = "A staggered grid-based explicit jump immersed interface method for two-dimensional Stokes flows",
    year = "2008",
    journal = "International Journal for Numerical Methods in Fluids",
    volume = "57",
    pages = "1527-1543"
}

@article{rutkali08,
    author = "Vita Rutka and Zhilin Li",
    title = "An explicit jump immersed interface method for two-phase Navier-Stokes equations with interfaces",
    year = "2008",
    journal = "Computing Methods for Applied Mechanical Engineering",
    volume = "197",
    pages = "2317-2328"
}

@article{zhaowei04,
    author = "Shan Zhao and GW Wei",
    title = "High-order FDTD methods via derivative matching for Maxwell's equations with material interfaces",
    year = "2004",
    journal = "Journal of Computational Physics",
    volume = "200",
    pages = "60-103"
}

@article{zhouwei06,
    author = "YC Zhou and GW Wei",
    title = "On the fictitious-domain and interpolation formulations of the matched interface and boundary ({MIB}) method",
    year = "2006",
    journal = "Journal of Computational Physics",
    volume = "219",
    pages = "228-246"
}

@article{zhouetal06,
    author = "YC Zhou and Shan Zhao and Michael Feig and GW Wei",
    title = "High order matched interface and boundary method for elliptic equations with discontinuous coefficients and singular sources",
    year = "2006",
    journal = "Journal of Computational Physics",
    volume  = "213",
    pages = "1-30"
}

@article{li98b,
    author = "Zhilin Li",
    title = "The immersed interface method using a finite element formulation",
    year = "1998",
    journal = "Applied Numerical Mathematics",
    volume = "27",
    pages = "253-267"
}

@article{lilinwu03,
    author = "Zhilin Li and Tao Lin and Xiaohui Wu",
    title = "New Cartesian grid methods for interface problems using the finite element formulation",
    year = "2003",
    journal  = "Numerische Mathematik",
    volume = "96",
    pages = "61-98"
}

@article{kafafyetal05,
    author = "R Kafafy and T Lin and Y Lin and J Wang",
    title = "Three-dimensional immersed finite element methods for electric field simulation in composite materials",
    year = "2005",
    journal = "International Journal for Numerical Methods in Engineering",
    volume = "64",
    pages = "940-972"
}

@inproceedings{leveque93,
    author = "Randall J Leveque",
    title = "{CLAWPACK} - A software package for solving multi-dimensional conservation laws",
    booktitle = "Proceedings of the 5th international conference on hyperbolic problems: theory, numerics, application",
    year = "1993",
    pages = "188-197",
    editor = "J Glimm"
}

@article{alvarezchenli11,
    author ="Juan Ruiz Alvarez and Jinru Chen and Zhilin Li",
    title = "The {IIM} in polar coordinates and its application to electro capacitance tomography problems",
    journal = "Numerical Algorithms",
    volume = "57",
    year = "2011",
    pages = "405-423"
}

@article{york01,
    author = "Trevor York",
    title = "Status of electircal tomography in industrial applications",
    journal = "Journal of electronic imaging",
    volume = "10",
    number = "3",
    year = "2001",
    pages = "608-619"
}

@article{cahntaylor94,
    author = "J W Cahn and J E Taylor",
    title = "Surfae motion by surface diffusion",
    journal = "Acta Metallurgica et materialia",
    volume = "42",
    number = "4",
    year = "1994",
    pages = "1045-1063"
}

@article{lizhaogao99,
    author = "Zhilin Li and Hongkai Zhao and Huajian Gao",
    title = "A numerical study of electro-migration voiding by evolving level set functions on a fixed cartesian grid",
    journal = "Journal of computational physics",
    volume = "152",
    year = "1999",
    pages = "281-304"
}

@article{langer80,
    author = "J S Langer",
    title = "Instabilities and pattern formation in crystal growth",
    journal = "Reviews of modern physics",
    volume = "52",
    number = "1",
    year = "1980"
}

@article{bergouetal07,
    author = "Attila J Bergou and Sheng Xu and Z Jane Wang",
    title = "Passive wing pitch reversal in insect flight",
    journal = "Journal of Fluid Mechanics",
    volume = "591",
    pages = "321-337",
    year = "2007"
}

@article{wiegmannbube00,
    author = "Andreas Wiegmann and Kenneth P Bube",
    title = "The Explicit-Jump Immersed Interface Method: Finite Difference Methods for PDES with Piecewise Smooth Solutions",
    journal = "SIAM Journal on Numerical Analysis",
    volume = "37",
    year = "2000",
    pages = "827-862"
}

@article{jiangetal12,
    author = "Yongsong Jiang and An Liang and Xiaofeng Sun and Xiaodong Jing",
    title = "Multi-domain Spectral Immersed Interface Method for Solving Elliptic Equation with a Global Description of Discontinuous Functions",
    journal = "Chinese Journal of Aeronautics",
    volume = "25",
    year = "2012",
    pages = "297-310"
}

@article{liangetal08,
    author = "An Liang and Xiaodong Jing and Xiaofeng Sun",
    title = "Constructing spectral schemes of the immersed interface method via a global description of discontinuous functions",
    journal = "Journal of Computational Physics",
    volume = "227",
    year = "2008",
    pages = "8341-8366"
}

@article{russellwang03,
    author = "David Russell and Z Jane Wang",
    title = "A cartesian grid method for modelling multiple moving objects in 2D incompressible viscous flow",
    journal = "Journal of Computational Physics",
    volume = "191",
    year = "2003",
    pages = "177-205"
}
